@InCollection{SZS04,
    Author       = "Sutcliffe, G. and Zimmer, J. and Schulz, S.",
    Year         = "2004",
    Title        = "{TSTP Data-Exchange Formats for Automated Theorem Proving
                    Tools}",
    Editor       = "Zhang, W. and Sorge, V.",
    BookTitle    = "{Distributed Constraint Problem Solving and Reasoning in
                    Multi-Agent Systems}",
    Pages        = "201-215",
    Series       = "Frontiers in Artificial Intelligence and Applications",
    Number       = "112",
    Publisher    = "IOS Press",
    Comment      = "TPTPCite"
}
 
@InProceedings{SS+06,
    Author       = "Sutcliffe, G. and Schulz, S. and Claessen, K. and
                    Van Gelder, A.",
    Year         = "2006",
    Title        = "{Using the TPTP Language for Writing Derivations and
                    Finite Interpretations}",
    Editor       = "Furbach, U. and Shankar, N.",
    BookTitle    = "{Proceedings of the 3rd International Joint Conference on
                    Automated Reasoning}",
    Place        = "Seattle, USA",
    Series       = "Lecture Notes in Artificial Intelligence",
    Number       = "4130",
    Pages        = "67-81",
    Comment      = "TPTPCite"
}
 
@InProceedings{VS06,
    Author       = "Van Gelder, A. and Sutcliffe, G.",
    Year         = "2006",
    Title        = "{Extending the TPTP Language to Higher-Order Logic with
                    Automated Parser Generation}",
    Editor       = "Furbach, U. and Shankar, N.",
    BookTitle    = "{Proceedings of the 3rd International Joint Conference on
                    Automated Reasoning}",
    Place        = "Seattle, USA",
    Series       = "Lecture Notes in Artificial Intelligence",
    Number       = "4130",
    Pages        = "156-161",
    Publisher    = "Springer-Verlag",
    Comment      = "TPTPCite"
}
 
@Article{SB10,
    Author       = "Sutcliffe, G. and Benzm{\"u}ller, C.",
    Year         = "2010",
    Title        = "{Automated Reasoning in Higher-Order Logic using the TPTP
                    THF Infrastructure}",
    Journal      = "Journal of Formalized Reasoning",
    Volume       = "3",
    Number       = "1",
    Pages        = "1-27",
    Comment      = "TPTPData,TPTPCite"
}
 
@InProceedings{KSR16,
    Author       = "Kaliszyk, C. and Sutcliffe, G. and Rabe, F.",
    Year         = "2016",
    Title        = "{TH1: The TPTP Typed Higher-Order Form with Rank-1
                    Polymorphism}",
    Editor       = "Fontaine, P. and Schulz, S. and Urban, J.",
    BookTitle    = "{Proceedings of the 5th Workshop on Practical Aspects
                    of Automated Reasoning}",
    Place        = "Coimbra, Portugal",
    Pages        = "41-55",
    Series       = "CEUR Workshop Proceedings",
    Number       = "1635",
    Comment      = ""
}
 
@InProceedings{SK18,
    Author       = "Sutcliffe, G. and Kotelnikov, E.",
    Year         = "2018",
    Title        = "{TFX: The TPTP Extended Typed First-order Form}",
    Editor       = "Konev, B. and Urban, J. and Schulz, S.",
    BookTitle    = "{Proceedings of the 6th Workshop on Practical Aspects
                    of Automated Reasoning}",
    Place        = "Oxford, United Kingdom",
    Series       = "CEUR Workshop Proceedings",
    Number       = "2162",
    Pages        = "72-87",
    Comment      = ""
}
 
@InProceedings{SS+12,
    Author       = "Sutcliffe, G. and Schulz, S. and Claessen, K. and
                    Baumgartner, P.",
    Year         = "2012",
    Title        = "{The TPTP Typed First-order Form with Arithmetic}",
    Editor       = "Bj{\o}rner, N. and Voronkov, A.",
    BookTitle    = "{Proceedings of the 18th International Conference on Logic
                    for Programming, Artificial Intelligence, and Reasoning}",
    Place        = "Merida, Venezuela",
    Series       = "Lecture Notes in Artificial Intelligence",
    Number       = "7180",
    Pages        = "406-419",
    Publisher    = "Springer-Verlag",
    Comment      = "TPTPCite"
}
